<record><leader>01764pam a2200457 i 4500</leader><controlfield tag="001">6755034</controlfield><controlfield tag="003">OCoLC</controlfield><controlfield tag="005">20150116140054.0</controlfield><controlfield tag="008">130723t20152015si       b    000 0 eng  </controlfield><datafield ind1=" " ind2=" " tag="010"><subfield code="a">  2013028391</subfield></datafield><datafield ind1="7" ind2=" " tag="016"><subfield code="a">016462430</subfield><subfield code="2">Uk</subfield></datafield><datafield ind1=" " ind2=" " tag="020"><subfield code="a">9789814472784 (paperback)</subfield></datafield><datafield ind1=" " ind2=" " tag="020"><subfield code="a">9814472786 (paperback)</subfield></datafield><datafield ind1=" " ind2=" " tag="035"><subfield code="a">ocn828889879</subfield></datafield><datafield ind1=" " ind2=" " tag="039"><subfield code="a">exclude</subfield></datafield><datafield ind1=" " ind2=" " tag="040"><subfield code="a">DLC</subfield><subfield code="b">eng</subfield><subfield code="e">rda</subfield><subfield code="c">DLC</subfield><subfield code="d">BTCTA</subfield><subfield code="d">OCLCO</subfield><subfield code="d">UKMGB</subfield><subfield code="d">YDXCP</subfield><subfield code="d">OCLCF</subfield><subfield code="d">OCLCO</subfield><subfield code="d">SINLB</subfield><subfield code="d">CDX</subfield><subfield code="d">AEU</subfield></datafield><datafield ind1="1" ind2=" " tag="041"><subfield code="a">eng</subfield><subfield code="a">chi</subfield><subfield code="h">eng</subfield></datafield><datafield ind1=" " ind2=" " tag="042"><subfield code="a">pcc</subfield></datafield><datafield ind1="0" ind2="0" tag="050"><subfield code="a">BL1855</subfield><subfield code="b">.L45 2015</subfield></datafield><datafield ind1="0" ind2="0" tag="082"><subfield code="a">181/.112</subfield><subfield code="2">23</subfield></datafield><datafield ind1=" " ind2=" " tag="090"><subfield code="a">BL1855 .L45 2015</subfield><subfield code="b">AEGMCT</subfield></datafield><datafield ind1="1" ind2=" " tag="100"><subfield code="a">Lim, Boon Keng,</subfield><subfield code="d">1869-1957,</subfield><subfield code="e">author.</subfield></datafield><datafield ind1="1" ind2="0" tag="240"><subfield code="a">Essays.</subfield><subfield code="k">Selections</subfield></datafield><datafield ind1="1" ind2="0" tag="245"><subfield code="a">Essays of Lim Boon Keng on Confucianism :</subfield><subfield code="b">with Chinese translations /</subfield><subfield code="c">[translations by] Yan Chunbao (Hainan Normal University, China).</subfield></datafield><datafield ind1=" " ind2="1" tag="264"><subfield code="a">Singapore ;</subfield><subfield code="a">Hackensack, NJ :</subfield><subfield code="b">World Scientific,</subfield><subfield code="c">[2015]</subfield></datafield><datafield ind1=" " ind2="4" tag="264"><subfield code="c">&#169;2015</subfield></datafield><datafield ind1=" " ind2=" " tag="300"><subfield code="a">xiii, 243 pages ;</subfield><subfield code="c">24 cm</subfield></datafield><datafield ind1=" " ind2=" " tag="336"><subfield code="a">text</subfield><subfield code="b">txt</subfield><subfield code="2">rdacontent</subfield></datafield><datafield ind1=" " ind2=" " tag="337"><subfield code="a">unmediated</subfield><subfield code="b">n</subfield><subfield code="2">rdamedia</subfield></datafield><datafield ind1=" " ind2=" " tag="338"><subfield code="a">volume</subfield><subfield code="b">nc</subfield><subfield code="2">rdacarrier</subfield></datafield><datafield ind1=" " ind2=" " tag="504"><subfield code="a">Includes bibliographical references.</subfield></datafield><datafield ind1=" " ind2=" " tag="546"><subfield code="a">Text in English and Chinese, with translations from the English.</subfield></datafield><datafield ind1=" " ind2=" " tag="596"><subfield code="a">29</subfield></datafield><datafield ind1="1" ind2="0" tag="600"><subfield code="a">Lim, Boon Keng,</subfield><subfield code="d">1869-1957</subfield><subfield code="x">Philosophy.</subfield></datafield><datafield ind1=" " ind2="0" tag="650"><subfield code="a">Confucianism.</subfield></datafield><datafield ind1=" " ind2="0" tag="650"><subfield code="a">Confucianism</subfield><subfield code="x">Relations</subfield><subfield code="x">Christianity.</subfield></datafield><datafield ind1=" " ind2="0" tag="650"><subfield code="a">Christianity and other religions</subfield><subfield code="x">Confucianism.</subfield></datafield><datafield ind1="1" ind2="2" tag="700"><subfield code="a">Lim, Boon Keng,</subfield><subfield code="d">1869-1957.</subfield><subfield code="t">Essays.</subfield><subfield code="k">Selections.</subfield><subfield code="l">Chinese.</subfield></datafield><datafield ind1="1" ind2=" " tag="700"><subfield code="a">Yan, Chunbao,</subfield><subfield code="e">translator.</subfield></datafield><datafield ind1=" " ind2=" " tag="949"><subfield code="a">BL1855 .L45 2015</subfield><subfield code="h">GMCT-OS-B</subfield><subfield code="i">1007436478</subfield><subfield code="p">37.01</subfield><subfield code="k">AVAIL_SOON</subfield></datafield><datafield ind1=" " ind2=" " tag="926"><subfield code="a">BL1855 .L45 2015</subfield><subfield code="w">LC</subfield><subfield code="c">1</subfield><subfield code="i">1007436478</subfield><subfield code="d">5/1/2015</subfield><subfield code="e">4/21/2015</subfield><subfield code="l">ON_SHELF</subfield><subfield code="m">GR_MACEWAN</subfield><subfield code="n">1</subfield><subfield code="p">$37.01</subfield><subfield code="r">Y</subfield><subfield code="s">Y</subfield><subfield code="t">BOOK</subfield><subfield code="u">1/26/2015</subfield></datafield></record>